@misc{dimakis,
       author={Dimitris S. Papailiopoulos and Alexandros G. Dimakis},
       title={Sparse PCA Through Low-Rank Approximations},
       year = "2013" 
}
@misc{edo,
       author={Edo Liberty},
       title={Simple and Deterministic Matrix Sketching},
       year = "2013" 
      }
